<?xml version="1.0" encoding="UTF-8"?><record xmlns="http://www.loc.gov/MARC21/slim" xmlns:cinclude="http://apache.org/cocoon/include/1.0" xmlns:zs="http://www.loc.gov/zing/srw/">
  <leader>00675nz  a2200205n  4500</leader>
  <controlfield tag="001">no 99051875 </controlfield>
  <controlfield tag="003">DLC</controlfield>
  <controlfield tag="005">19990813142336.0</controlfield>
  <controlfield tag="008">990721n| acaaaaaa           |a ana     c</controlfield>
  <datafield tag="010" ind1=" " ind2=" ">
    <subfield code="a">no 99051875 </subfield>
  </datafield>
  <datafield tag="035" ind1=" " ind2=" ">
    <subfield code="a">(OCoLC)oca05031652 </subfield>
  </datafield>
  <datafield tag="040" ind1=" " ind2=" ">
    <subfield code="a">ViU</subfield>
    <subfield code="c">ViU</subfield>
  </datafield>
  <datafield tag="130" ind1=" " ind2="0">
    <subfield code="a">Schriftsteller in der Galerie No. 6</subfield>
  </datafield>
  <datafield tag="410" ind1="2" ind2="0">
    <subfield code="a">Galerie No. 6 Beatrix Wilhelm.</subfield>
    <subfield code="t">Schriftsteller in der Galerie No. 6</subfield>
  </datafield>
  <datafield tag="642" ind1=" " ind2=" ">
    <subfield code="a">Heft 14</subfield>
    <subfield code="5">DPCC</subfield>
  </datafield>
  <datafield tag="643" ind1=" " ind2=" ">
    <subfield code="a">Leonberg</subfield>
    <subfield code="b">Galerie No. 6 B. Wilhelm</subfield>
    <subfield code="a">Leonberg-Warmbronn</subfield>
    <subfield code="b">U. Keicher</subfield>
  </datafield>
  <datafield tag="644" ind1=" " ind2=" ">
    <subfield code="a">f</subfield>
    <subfield code="5">ViU</subfield>
  </datafield>
  <datafield tag="645" ind1=" " ind2=" ">
    <subfield code="a">t</subfield>
    <subfield code="5">DPCC</subfield>
    <subfield code="5">ViU</subfield>
  </datafield>
  <datafield tag="646" ind1=" " ind2=" ">
    <subfield code="a">s</subfield>
    <subfield code="5">ViU</subfield>
  </datafield>
  <datafield tag="670" ind1=" " ind2=" ">
    <subfield code="a">Gedichte schreiben heisst Widerstand leisten, 1981:</subfield>
    <subfield code="b">t.p. (Schriftsteller in der Galerie No. 6)</subfield>
  </datafield>
</record>